@Book{B,
ALTauthor = {Steve Jackson},
ALTeditor = {•},
title = {GURPS Basic Set},
shorttitle = {B},
publisher = {Steve Jackson Games},
year = {1996},
OPTkey = {•},
OPTvolume = {•},
OPTnumber = {•},
OPTseries = {•},
OPTaddress = {•},
OPTedition = {Third, revised},
OPTmonth = {•},
OPTnote = {•},
OPTannote = {•},
keywords = {gurps}
}

@Book{CI,
ALTauthor = {},
ALTeditor = {Sean Punch},
title = {GURPS Compendium I: Character Creation},
shorttitle = {CI},
publisher = {Steve Jackson Games},
year = {1996},
OPTkey = {•},
OPTvolume = {•},
OPTnumber = {•},
OPTseries = {•},
OPTaddress = {•},
OPTedition = {},
OPTmonth = {•},
OPTnote = {•},
OPTannote = {•},
keywords = {gurps}
}

@Book{R,
ALTauthor = {Janet Naylor and Caroline Julian},
ALTeditor = {},
title = {GURPS Religion},
shorttitle = {R},
publisher = {Steve Jackson Games},
year = {1995},
OPTkey = {•},
OPTvolume = {•},
OPTnumber = {•},
OPTseries = {•},
OPTaddress = {•},
OPTedition = {},
OPTmonth = {•},
OPTnote = {•},
OPTannote = {•},
keywords = {gurps}
}

@Book{MTA,
ALTauthor = {Robert M. Schroek},
ALTeditor = {},
title = {GURPS Mage: The Ascension},
shorttitle = {MTA},
publisher = {Steve Jackson Games},
year = {1994},
OPTkey = {•},
OPTvolume = {•},
OPTnumber = {•},
OPTseries = {•},
OPTaddress = {•},
OPTedition = {},
OPTmonth = {•},
OPTnote = {•},
OPTannote = {•},
keywords = {gurps}
}
