@Book{DEMURGER2006,
ALTauthor = {Alain Demurger},
ALTeditor = {•},
title = {Croisades et croisés au Moyen-Age},
shorttitle = {DEMURGER2006},
publisher = {Flammarion},
year = {2006},
OPTkey = {•},
OPTvolume = {•},
OPTnumber = {•},
OPTseries = {•},
OPTaddress = {•},
OPTedition = {},
OPTmonth = {•},
OPTnote = {•},
OPTannote = {•},
keywords = {histoire}
}
@Book{MC,
ALTauthor = {Benoît Clerc, Thibaud Béghin, Arnaud Bailly},
ALTeditor = {•},
title = {miles Christi},
shorttitle = {MC},
publisher = {Sans Peur et Sans Reproche},
year = {1995},
OPTkey = {•},
OPTvolume = {•},
OPTnumber = {•},
OPTseries = {•},
OPTaddress = {•},
OPTedition = {},
OPTmonth = {•},
OPTnote = {•},
OPTannote = {•},
keywords = {mileschristi}
}